<record><leader>00000cas a22000007a 4500</leader><controlfield tag="001">16000671</controlfield><controlfield tag="008">870619d18601864iauwr ne      0    0eng d</controlfield><datafield ind1=" " ind2=" " tag="010"><subfield code="a">sn 87058365 </subfield></datafield><datafield ind1=" " ind2=" " tag="040"><subfield code="a">INP</subfield><subfield code="b">eng</subfield><subfield code="c">INP</subfield><subfield code="d">OCLCQ</subfield></datafield><datafield ind1=" " ind2=" " tag="042"><subfield code="a">msc</subfield></datafield><datafield ind1="0" ind2=" " tag="130"><subfield code="a">Delaware County journal (Delhi, Iowa)</subfield></datafield><datafield ind1="1" ind2="0" tag="245"><subfield code="a">Delaware County journal.</subfield></datafield><datafield ind1=" " ind2=" " tag="260"><subfield code="a">Delhi, Iowa :</subfield><subfield code="b">[J.L. McCreery, Mrs. L.W. M'Creery]</subfield></datafield><datafield ind1=" " ind2=" " tag="300"><subfield code="a">v.</subfield></datafield><datafield ind1=" " ind2=" " tag="310"><subfield code="a">Weekly</subfield></datafield><datafield ind1="1" ind2=" " tag="362"><subfield code="a">Began in 1860? Ceased Jan. 1, 1864.</subfield></datafield><datafield ind1=" " ind2=" " tag="588"><subfield code="a">Description based on: Vol. 2, no. 41 (Nov. 29, 1860).</subfield></datafield><datafield ind1=" " ind2=" " tag="752"><subfield code="a">United States</subfield><subfield code="b">Iowa</subfield><subfield code="c">Delaware</subfield><subfield code="d">Delhi.</subfield></datafield><datafield ind1="0" ind2="0" tag="780"><subfield code="t">Delaware journal (Delhi, Iowa)</subfield><subfield code="w">(DLC)sn 87058364</subfield></datafield></record>